<?xml version="1.0" encoding="UTF-8"?><collection xmlns="http://www.loc.gov/MARC21/slim"><record><leader>00337nam--2200109-i-4500</leader><controlfield tag="001">000030122</controlfield><controlfield tag="002">20161230</controlfield><controlfield tag="005">20161230201038</controlfield><controlfield tag="008">060222s1000------------r-----000-0-eng-d</controlfield><datafield ind1=" " ind2=" " tag="245"><subfield code="a">Lucrarile simpozionului de metrologie bucuresti inmb 1951-1981. vol.3: masurarea marimilor electromagnetice</subfield></datafield><datafield ind1=" " ind2=" " tag="260"><subfield code="a">Bucuresti, C.N.S.T., 1981</subfield></datafield><datafield ind1=" " ind2=" " tag="852"><subfield code="a">74073</subfield></datafield></record></collection>